
@article{chi_categorization_1981,
	title = {Categorization and {Representation} of {Physics} {Problems} by {Experts} and {Novices}},
	volume = {5},
	issn = {1551-6709},
	url = {https://onlinelibrary.wiley.com/doi/abs/10.1207/s15516709cog0502_2},
	doi = {10.1207/s15516709cog0502_2},
	abstract = {The representation of physics problems in relation to the organization of physics knowledge is investigated in experts and novices. Four experiments examine (a) the existence of problem categories as a basis for representation; (b) differences in the categories used by experts and novices; (c) differences in the knowledge associated with the categories; and (d) features in the problems that contribute to problem categorization and representation. Results from sorting tasks and protocols reveal that experts and novices begin their problem representations with specifiably different problem categories, and completion of the representations depends on the knowledge associated with the categories. For, the experts initially abstract physics principles to approach and solve a problem representation, whereas novices base their representation and approaches on the problem's literal features.},
	language = {en},
	number = {2},
	urldate = {2024-12-17},
	journal = {Cognitive Science},
	author = {Chi, Michelene T. H. and Feltovich, Paul J. and Glaser, Robert},
	year = {1981},
	note = {\_eprint: https://onlinelibrary.wiley.com/doi/pdf/10.1207/s15516709cog0502\_2},
	pages = {121--152},
	file = {Full Text PDF:/home/ewout/Zotero/storage/CWW6SWL4/Chi et al. - 1981 - Categorization and Representation of Physics Problems by Experts and Novices.pdf:application/pdf;Snapshot:/home/ewout/Zotero/storage/7KLNIVZG/s15516709cog0502_2.html:text/html},
}

@article{froehlich_revisiting_2019,
	title = {Revisiting the interrupted pendulum with large data sets},
	volume = {57},
	issn = {0031-921X, 1943-4928},
	url = {https://pubs.aip.org/pte/article/57/2/122/362109/Revisiting-the-interrupted-pendulum-with-large},
	doi = {10.1119/1.5088480},
	language = {en},
	number = {2},
	urldate = {2024-12-20},
	journal = {The Physics Teacher},
	author = {Froehlich, Bob},
	month = feb,
	year = {2019},
	pages = {122--123},
	file = {PDF:/home/ewout/Zotero/storage/ZE6YKNJC/Froehlich - 2019 - Revisiting the interrupted pendulum with large data sets.pdf:application/pdf},
}

@book{matthews_time_2000,
	address = {Dordrecht},
	series = {Innovations in {Science} {Education} and {Technology}},
	title = {Time for {Science} {Education}: {How} {Teaching} the {History} and {Philosophy} of {Pendulum} {Motion} can {Contribute} to {Science} {Literacy}},
	volume = {8},
	copyright = {http://www.springer.com/tdm},
	isbn = {978-0-306-45880-4 978-94-011-3994-6},
	shorttitle = {Time for {Science} {Education}},
	url = {http://link.springer.com/10.1007/978-94-011-3994-6},
	language = {en},
	urldate = {2024-12-29},
	publisher = {Springer Netherlands},
	author = {Matthews, Michael R.},
	editor = {Cohen, Karen C.},
	year = {2000},
	doi = {10.1007/978-94-011-3994-6},
	file = {PDF:/home/ewout/Zotero/storage/PFL75CUM/Matthews - 2000 - Time for Science Education How Teaching the History and Philosophy of Pendulum Motion can Contribut.pdf:application/pdf},
}

@book{drake_galileo_1990,
	address = {Toronto},
	series = {Heritage},
	title = {Galileo: {Pioneer} {Scientist}},
	isbn = {978-1-4426-5992-6},
	shorttitle = {Galileo},
	abstract = {Since publication of Stillman Drake’s landmark volume, Galileo at Work: His Scientific Biography, new and exciting information has come to light about this towering figure in the history of Western science. Drawing largely from Galileo’s manuscript working papers, Drake now adds a wealth of detail to the story.Among the findings he presents in this volume are the steps that led to discovery of the pendulum law and the law of fall, by which Galileo opened the road to modern physics; Galileo’s path to the new astronomy of Copernicus, closely linked to his first essays in physics; his subsequent misgivings and final reassurances provided by the telescope.Drake focuses on Galileo’s pioneering work in physics, previously unknown, and shows that time has not diminished its value. He also considers some of the factors that played a part in the development of physics, its classical Greek beginnings, the medieval interlude, the contribution of some of Galileo’s contemporaries, and the resistance of others to his new science of motion. We see in a new light the relation of that science to modern dynamics, created by Newton half a century later. Galileo is better known as an astronomer than as a modern physicist. Drake sheds new light here too as he explores Galileo’s pioneer invention of satellite astronomy, his sighting of Neptune two and one-half centuries before that planet was identified, and his proposal of a cosmogony based on speeds of freely falling bodies. With this book Drake confirms Galileo as the first recognizably modern scientist, in both his methods and results},
	language = {eng},
	publisher = {University of Toronto Press},
	author = {Drake, Stillman},
	year = {1990},
	doi = {10.3138/9781442659926},
}

@article{borges_critica_2019,
	title = {Crítica a la formulación teórica del problema del loop desde el punto de vista experimental},
	volume = {31},
	issn = {2250-6101},
	url = {https://revistas.unc.edu.ar/index.php/revistaEF/article/view/26528},
	abstract = {Los libros didácticos de física para niveles medio y superior generalmente abordan el problema clásico del loop como un ejemplo de aplicación del Principio de Conservación de la Energía Mecánica y proponen que cuando el cuerpo es abandonado sobre la rampa de entrada a una altura mínima conveniente, la fuerza normal sobre la esfera, en el punto más alto de la trayectoria circular sea nula. Estas formas de resolución envuelven la adopción de un modelo físico detrás del problema, cuyas peculiaridades generalmente no se discuten ni se explican. Este tex-to propone analizar el problema del loop, desde un enfoque experimental como inicio, el planteo sobre la conve-niencia de adoptar dicho modelo, para finalmente comentar sobre la falta de discusión y explicación del modelo teórico simplificado adoptado en los libros y en las clases de resolución de problemas.},
	language = {es},
	urldate = {2025-01-06},
	journal = {Revista de Enseñanza de la Física},
	author = {Borges, Laís de O. and Leite, Marcos de L. and Maidana, Nora L.},
	month = nov,
	year = {2019},
	pages = {71--76},
	file = {Full Text PDF:/home/ewout/Zotero/storage/RSJRFYCD/Borges et al. - 2019 - Crítica a la formulación teórica del problema del loop desde el punto de vista experimental.pdf:application/pdf},
}

@article{correa_conservacion_2019,
	title = {Conservación de la energía mecánica con un péndulo simple en una experiencia online},
	volume = {31},
	issn = {2250-6101},
	url = {https://revistas.unc.edu.ar/index.php/revistaEF/article/view/26548},
	abstract = {Hemos analizado la energía mecánica de un péndulo simple en movimiento a partir de las imágenes extraídas se su filmación, siguiendo la metodología estándar de trabajo con que fueron obtenidos los casos de la página web Mecánica Experimental con Imágenes (MEXI, \&lt;http://fep.if.usp.br/{\textasciitilde}fisfoto/\&gt;). Con los valores de posición an-gular en función del tiempo leídos en las respectivas imágenes, es posible obtener las energías potencial gravita-cional y cinética, y validar la conservación de la energía mecánica. Como expectativas futuras de trabajo, el equipo espera obtener imágenes de otras configuraciones experimentales del péndulo simple, con variación de la longitud de la cuerda, de la masa del cuerpo y de la amplitud inicial del movimiento.},
	language = {es},
	urldate = {2025-01-06},
	journal = {Revista de Enseñanza de la Física},
	author = {Correa, Renan F. and Leite, Marcos de L. and Vanin, Vito R. and Maidana, Nora L.},
	month = nov,
	year = {2019},
	pages = {215--221},
	file = {Full Text PDF:/home/ewout/Zotero/storage/CF3JMMCI/Correa et al. - 2019 - Conservación de la energía mecánica con un péndulo simple en una experiencia online.pdf:application/pdf},
}
